<?xml version="1.0" encoding="UTF-8"?><record xmlns="http://www.loc.gov/MARC21/slim" xmlns:cinclude="http://apache.org/cocoon/include/1.0" xmlns:zs="http://www.loc.gov/zing/srw/">
  <leader>00344nz  a2200121n  4500</leader>
  <controlfield tag="001">n  90621799 </controlfield>
  <controlfield tag="003">DLC</controlfield>
  <controlfield tag="005">19900317080447.7</controlfield>
  <controlfield tag="008">900317n| acannaab|          |n aaa |||  </controlfield>
  <datafield tag="010" ind1=" " ind2=" ">
    <subfield code="a">n  90621799 </subfield>
  </datafield>
  <datafield tag="040" ind1=" " ind2=" ">
    <subfield code="a">DLC</subfield>
    <subfield code="c">DLC</subfield>
  </datafield>
  <datafield tag="100" ind1="1" ind2="0">
    <subfield code="a">Porquet, Jean-Luc</subfield>
  </datafield>
  <datafield tag="670" ind1=" " ind2=" ">
    <subfield code="a">His La deĚbine, c1987:</subfield>
    <subfield code="b">t.p. (Jean-Luc Porquet) p. 4 of cover (33 years old; journaliste)</subfield>
  </datafield>
</record>